<record><leader>00000cas a22000007a 4500</leader><controlfield tag="001">22163128</controlfield><controlfield tag="008">900731d19841986mnuwr ne      0    0eng d</controlfield><datafield ind1=" " ind2=" " tag="010"><subfield code="a">sn 90060027 </subfield></datafield><datafield ind1=" " ind2=" " tag="040"><subfield code="a">MN#</subfield><subfield code="b">eng</subfield><subfield code="c">MN#</subfield><subfield code="d">DLC</subfield><subfield code="d">OCLCQ</subfield><subfield code="d">OCLCF</subfield><subfield code="d">OCLCO</subfield></datafield><datafield ind1="1" ind2=" " tag="029"><subfield code="a">AU@</subfield><subfield code="b">000025901454</subfield></datafield><datafield ind1=" " ind2=" " tag="042"><subfield code="a">msc</subfield></datafield><datafield ind1=" " ind2=" " tag="043"><subfield code="a">n-us-mn</subfield></datafield><datafield ind1=" " ind2=" " tag="052"><subfield code="a">4144</subfield><subfield code="b">E3</subfield><subfield code="b">C7</subfield><subfield code="b">S142</subfield></datafield><datafield ind1=" " ind2=" " tag="052"><subfield code="a">4143</subfield><subfield code="b">H4</subfield><subfield code="b">A5</subfield></datafield><datafield ind1="0" ind2=" " tag="130"><subfield code="a">Focus (Edina, Minn. : Columbia Heights ed. : 1984)</subfield></datafield><datafield ind1="0" ind2="0" tag="245"><subfield code="a">Focus.</subfield></datafield><datafield ind1="1" ind2="3" tag="246"><subfield code="a">Focus Columbia Heights</subfield></datafield><datafield ind1="1" ind2="7" tag="246"><subfield code="a">Columbia Heights-St. Anthony focus</subfield><subfield code="f">Aug. 6, 1984-July 8, 1985</subfield></datafield><datafield ind1="1" ind2="7" tag="246"><subfield code="a">Columbia Heights focus</subfield><subfield code="f">July 15, 1985-Apr. 14, 1986</subfield></datafield><datafield ind1="3" ind2="0" tag="246"><subfield code="a">Columbia Heights St. Anthony focus</subfield></datafield><datafield ind1=" " ind2=" " tag="260"><subfield code="a">[Edina, Minn. :</subfield><subfield code="b">s.n.]</subfield></datafield><datafield ind1=" " ind2=" " tag="300"><subfield code="a">2 v.</subfield></datafield><datafield ind1=" " ind2=" " tag="310"><subfield code="a">Weekly</subfield></datafield><datafield ind1="0" ind2=" " tag="362"><subfield code="a">Vol. 1, no. 1 (Aug. 6, 1984)-v. 2, no. 37 (Apr. 14, 1986).</subfield></datafield><datafield ind1=" " ind2=" " tag="530"><subfield code="a">Available on microfilm from the Minnesota Historical Society.</subfield></datafield><datafield ind1=" " ind2="0" tag="651"><subfield code="a">Edina (Minn.)</subfield><subfield code="v">Newspapers.</subfield></datafield><datafield ind1=" " ind2="0" tag="651"><subfield code="a">Columbia Heights (Minn.)</subfield><subfield code="v">Newspapers.</subfield></datafield><datafield ind1=" " ind2="0" tag="651"><subfield code="a">Saint Anthony (Hennepin County, Minn. : 1945- )</subfield><subfield code="v">Newspapers.</subfield></datafield><datafield ind1=" " ind2="7" tag="655"><subfield code="a">Newspapers.</subfield><subfield code="2">fast</subfield><subfield code="0">(OCoLC)fst01423814</subfield></datafield><datafield ind1=" " ind2="7" tag="651"><subfield code="a">Minnesota</subfield><subfield code="z">Columbia Heights.</subfield><subfield code="2">fast</subfield><subfield code="0">(OCoLC)fst01223276</subfield></datafield><datafield ind1=" " ind2="7" tag="651"><subfield code="a">Minnesota</subfield><subfield code="z">Edina.</subfield><subfield code="2">fast</subfield><subfield code="0">(OCoLC)fst01220182</subfield></datafield><datafield ind1=" " ind2="7" tag="651"><subfield code="a">Minnesota</subfield><subfield code="z">Saint Anthony (Hennepin County : 1945- )</subfield><subfield code="2">fast</subfield><subfield code="0">(OCoLC)fst01331850</subfield></datafield><datafield ind1=" " ind2=" " tag="752"><subfield code="a">United States</subfield><subfield code="b">Minnesota</subfield><subfield code="c">Hennepin</subfield><subfield code="d">Edina.</subfield></datafield><datafield ind1=" " ind2=" " tag="752"><subfield code="a">United States</subfield><subfield code="b">Minnesota</subfield><subfield code="c">Anoka</subfield><subfield code="d">Columbia Heights.</subfield></datafield><datafield ind1=" " ind2=" " tag="752"><subfield code="a">United States</subfield><subfield code="b">Minnesota</subfield><subfield code="c">Hennepin</subfield><subfield code="d">Saint Anthony.</subfield></datafield><datafield ind1=" " ind2=" " tag="752"><subfield code="a">United States</subfield><subfield code="b">Minnesota</subfield><subfield code="c">Ramsey</subfield><subfield code="d">Saint Anthony.</subfield></datafield><datafield ind1="0" ind2="0" tag="780"><subfield code="t">Sun (Minneapolis, Minn. : Columbia Heights ed.)</subfield><subfield code="w">(DLC)sn 90060028</subfield></datafield><datafield ind1="0" ind2="7" tag="785"><subfield code="t">Focus (Edina, Minn. : Fridley ed. : 1984)</subfield><subfield code="w">(DLC)sn 90060029</subfield></datafield><datafield ind1="0" ind2="7" tag="785"><subfield code="t">Focus (Edina, Minn. : Fridley Columbia Heights ed.)</subfield><subfield code="w">(DLC)sn 90060030</subfield></datafield></record>